@book{Nielsen&Chuang,
 author = {Nielsen, Michael A. and Chuang, Isaac L.},
 title = {Quantum Computation and Quantum Information: 10th Anniversary Edition},
 year = {2011},
 isbn = {1107002176, 9781107002173},
 edition = {10th},
 publisher = {Cambridge University Press},
 address = {New York, NY, USA},
} 


@book{James&Liebeck,
  title={Representations and Characters of Groups},
  author={James, G. and Liebeck, M.},
  isbn={9781139811057},
  url={https://books.google.com/books?id=h8ggAwAAQBAJ},
  year={2001},
  publisher={Cambridge University Press}
}

@book{Sipser,
  author    = {Michael Sipser},
  title     = {Introduction to the theory of computation},
  publisher = {{PWS} Publishing Company},
  year      = {1997},
  isbn      = {978-0-534-94728-6},
  timestamp = {Thu, 21 Apr 2011 01:00:00 +0200},
  biburl    = {https://dblp.org/rec/bib/books/daglib/0086373},
  bibsource = {dblp computer science bibliography, https://dblp.org}
}

@book{QC,
    author = {Andy Matuschak and Michael A. Nielsen},
    title = {Quantum Computing for the Very Curious},
    howpublished = "\url{https://quantum.country/qcvc}",
    year = {2019}
}


@article{jamie,
    author = {Copeland, Daniel and Pommersheim, James},
    year = {2018},
    month = {12},
    title = {Quantum query complexity of symmetric oracle problems}
}

@book{seress, place={Cambridge}, series={Cambridge Tracts in Mathematics}, title={Permutation Group Algorithms}, DOI={10.1017/CBO9780511546549}, publisher={Cambridge University Press}, author={Seress, √Åkos}, year={2003}, collection={Cambridge Tracts in Mathematics}}


@book{steinberg,
    title={Representation Theory of Finite Groups: An Introductory Approach},
    author={Steinberg, B.},
    isbn={9781461407768},
    lccn={2011938143},
    series={Universitext},
    url={https://books.google.com/books?id=hKHrk6cti8YC},
    year={2011},
    publisher={Springer New York}
}

@book{foote,
  title={Abstract Algebra},
  author={Dummit, D.S. and Foote, R.M.},
  isbn={9780471433347},
  lccn={2003057652},
  url={https://books.google.com/books?id=KJDBQgAACAAJ},
  year={2004},
  publisher={Wiley}
}
